<record><leader>00000cas a2200000 a 4500</leader><controlfield tag="001">34305257</controlfield><controlfield tag="008">960304d19691976nyuwr ne      0    0eng c</controlfield><datafield ind1=" " ind2=" " tag="010"><subfield code="a">sn 96083577 </subfield></datafield><datafield ind1=" " ind2=" " tag="040"><subfield code="a">NYS</subfield><subfield code="b">eng</subfield><subfield code="c">NYS</subfield><subfield code="d">OCLCQ</subfield><subfield code="d">OCLCO</subfield><subfield code="d">OCLCF</subfield></datafield><datafield ind1="1" ind2=" " tag="029"><subfield code="a">AU@</subfield><subfield code="b">000025919485</subfield></datafield><datafield ind1=" " ind2=" " tag="042"><subfield code="a">pcc</subfield></datafield><datafield ind1=" " ind2=" " tag="043"><subfield code="a">n-us-ny</subfield></datafield><datafield ind1="0" ind2="4" tag="245"><subfield code="a">The Westbury times and LI forum.</subfield></datafield><datafield ind1="3" ind2=" " tag="246"><subfield code="a">Westbury times and Long Island forum</subfield></datafield><datafield ind1=" " ind2=" " tag="260"><subfield code="a">Westbury, N.Y. :</subfield><subfield code="b">Community Newspapers,</subfield><subfield code="c">1969-1976.</subfield></datafield><datafield ind1=" " ind2=" " tag="300"><subfield code="a">v.</subfield></datafield><datafield ind1=" " ind2=" " tag="310"><subfield code="a">Weekly</subfield></datafield><datafield ind1="0" ind2=" " tag="362"><subfield code="a">Vol. 62, no. 36 (Sept. 4, 1969)-v. 72, no. 50 (Aug. 12, 1976).</subfield></datafield><datafield ind1=" " ind2=" " tag="515"><subfield code="a">Numbering is irregular.</subfield></datafield><datafield ind1=" " ind2="0" tag="651"><subfield code="a">Westbury (N.Y.)</subfield><subfield code="v">Newspapers.</subfield></datafield><datafield ind1=" " ind2="0" tag="651"><subfield code="a">Nassau County (N.Y.)</subfield><subfield code="v">Newspapers.</subfield></datafield><datafield ind1=" " ind2="7" tag="651"><subfield code="a">New York (State)</subfield><subfield code="z">Nassau County.</subfield><subfield code="2">fast</subfield><subfield code="0">(OCoLC)fst01205518</subfield></datafield><datafield ind1=" " ind2="7" tag="651"><subfield code="a">New York (State)</subfield><subfield code="z">Westbury (Nassau County)</subfield><subfield code="2">fast</subfield><subfield code="0">(OCoLC)fst01314604</subfield></datafield><datafield ind1=" " ind2="7" tag="655"><subfield code="a">Newspapers.</subfield><subfield code="2">fast</subfield><subfield code="0">(OCoLC)fst01423814</subfield></datafield><datafield ind1=" " ind2=" " tag="752"><subfield code="a">United States</subfield><subfield code="b">New York</subfield><subfield code="c">Nassau</subfield><subfield code="d">Westbury.</subfield></datafield><datafield ind1="0" ind2="0" tag="780"><subfield code="t">Westbury times (Westbury, N.Y. : 1915)</subfield><subfield code="w">(DLC)sn 96083576</subfield><subfield code="w">(OCoLC)34304974</subfield></datafield><datafield ind1="0" ind2="0" tag="785"><subfield code="t">Westbury times (Westbury, N.Y. : 1976)</subfield><subfield code="w">(DLC)sn 96083578</subfield><subfield code="w">(OCoLC)34305184</subfield></datafield></record>